@book{sakurai2011modern,
  title={Modern quantum mechanics},
  author={Sakurai, Jun John and Napolitano, Jim},
  year={2011},
  publisher={Addison-Wesley},
  pages={306--309}
}
@article{silvert1972comparison,
  title={Comparison of Rayleigh-Schr{\"o}dinger and Brillouin-Wigner Perturbation Theories},
  author={Silvert, William},
  journal={American Journal of Physics},
  volume={40},
  number={4},
  pages={557--561},
  year={1972},
  publisher={American Association of Physics Teachers}
}
@book{wilson2009brillouin,
  title={Brillouin-Wigner Methods for Many-Body Systems},
  author={Wilson, Stephen and Hubac, Ivan},
  volume={21},
  year={2009},
  publisher={Springer Science \& Business Media}
}